
@string{kdd = {ACM SIGKDD Conference on Knowledge Discovery and Data Mining}}

@string{proc = {Proceedings of the}}

@string{kddshort = {KDD}}

@string{kdd00 = proc # { 6th } # kdd # { (} # kddshort # {'00)}}

@string{soda = {Annual ACM-SIAM Symposium on Discrete Algorithms}}

@string{sodashort = {SODA}}

@string{soda07 = proc # { 18th } # soda # { (} # sodashort # {'07)}}


@book{F68a,
	Author = {William Feller},
	Date-Added = {2012-01-31 11:53:21 -0800},
	Date-Modified = {2012-01-31 11:53:42 -0800},
	Edition = {3rd},
	Publisher = {Wiley},
	Title = {An Introduction to Probability Theory and Its Applications},
	Year = {1968}}

@inproceedings{MNU00a,
	Author = {Andrew McCallum and Kamal Nigam and Lyle H. Ungar},
	Crossref = {:KDD00},
	Date-Added = {2012-01-30 22:34:21 -0800},
	Date-Modified = {2012-01-30 22:35:46 -0800},
	Pages = {169--178},
	Title = {Efficient clustering of high-dimensional data sets with application to reference matching},
	Year = {2000},
	Bdsk-File-1 = {YnBsaXN0MDDUAQIDBAUIJidUJHRvcFgkb2JqZWN0c1gkdmVyc2lvblkkYXJjaGl2ZXLRBgdUcm9vdIABqAkKFRYXGyIjVSRudWxs0wsMDQ4RFFpOUy5vYmplY3RzV05TLmtleXNWJGNsYXNzog8QgASABqISE4ACgAOAB1lhbGlhc0RhdGFccmVsYXRpdmVQYXRo0hgNGRpXTlMuZGF0YU8RAuYAAAAAAuYAAgAADE1hY2ludG9zaCBIRAAAAAAAAAAAAAAAAAAAAMfUNWFIKwAAAPVN/R9FZmZpY2llbnQgY2x1c3RlcmluZyNGNTRERjAucGRmAAAAAAAAAAAAAAAAAAAAAAAAAAAAAAAAAAAAAAAAAAAA9U3wy0zLzAAAAAAAAAAAAAEABAAACSAAAAAAAAAAAAAAAAAAAAAWTWNDYWxsdW0sIE5pZ2FtLCBVbmdhcgAQAAgAAMfUl9EAAAARAAgAAMtNPEwAAAABABgA9U39APVNSwDyIY0AEPW+ABD1sQAAkvMAAgBtTWFjaW50b3NoIEhEOlVzZXJzOnNjaG9wZjpEb2N1bWVudHM6ay1tZWFuczpMaXRlcmF0dXJlOk1jQ2FsbHVtLCBOaWdhbSwgVW5nYXI6RWZmaWNpZW50IGNsdXN0ZXJpbmcjRjU0REYwLnBkZgAADgC8AF0ARQBmAGYAaQBjAGkAZQBuAHQAIABjAGwAdQBzAHQAZQByAGkAbgBnACAAbwBmACAAaABpAGcAaAAtAGQAaQBtAGUAbgBzAGkAbwBuAGEAbAAgAGQAYQB0AGEAIABzAGUAdABzACAAdwBpAHQAaAAgAGEAcABwAGwAaQBjAGEAdABpAG8AbgAgAHQAbwAgAHIAZQBmAGUAcgBlAG4AYwBlACAAbQBhAHQAYwBoAGkAbgBnAC4AcABkAGYADwAaAAwATQBhAGMAaQBuAHQAbwBzAGgAIABIAEQAEgCeVXNlcnMvc2Nob3BmL0RvY3VtZW50cy9rLW1lYW5zL0xpdGVyYXR1cmUvTWNDYWxsdW0sIE5pZ2FtLCBVbmdhci9FZmZpY2llbnQgY2x1c3RlcmluZyBvZiBoaWdoLWRpbWVuc2lvbmFsIGRhdGEgc2V0cyB3aXRoIGFwcGxpY2F0aW9uIHRvIHJlZmVyZW5jZSBtYXRjaGluZy5wZGYAEwABLwAAFQACAA3//wAAgAXSHB0eH1gkY2xhc3Nlc1okY2xhc3NuYW1lox8gIV1OU011dGFibGVEYXRhVk5TRGF0YVhOU09iamVjdF8Qf0xpdGVyYXR1cmUvTWNDYWxsdW0sIE5pZ2FtLCBVbmdhci9FZmZpY2llbnQgY2x1c3RlcmluZyBvZiBoaWdoLWRpbWVuc2lvbmFsIGRhdGEgc2V0cyB3aXRoIGFwcGxpY2F0aW9uIHRvIHJlZmVyZW5jZSBtYXRjaGluZy5wZGbSHB0kJaIlIVxOU0RpY3Rpb25hcnkSAAGGoF8QD05TS2V5ZWRBcmNoaXZlcgAIABEAFgAfACgAMgA1ADoAPABFAEsAUgBdAGUAbABvAHEAcwB2AHgAegB8AIYAkwCYAKADigOMA5EDmgOlA6kDtwO+A8cESQROBFEEXgRjAAAAAAAAAgEAAAAAAAAAKAAAAAAAAAAAAAAAAAAABHU=}}

@proceedings{:KDD00,
	Booktitle = kdd00,
	Date-Added = {2012-01-30 22:33:08 -0800},
	Date-Modified = {2012-01-30 22:33:34 -0800},
	Title = kdd00,
	Year = {2000}}

@inproceedings{AV07a,
	Author = {David Arthur and Sergei Vassilvitskii},
	Crossref = {:SODA07},
	Date-Added = {2012-01-30 22:05:40 -0800},
	Date-Modified = {2012-01-30 22:34:11 -0800},
	Pages = {1027--1035},
	Title = {k-means++: the advantages of careful seeding},
	Year = {2007},
	Bdsk-File-1 = {YnBsaXN0MDDUAQIDBAUIJidUJHRvcFgkb2JqZWN0c1gkdmVyc2lvblkkYXJjaGl2ZXLRBgdUcm9vdIABqAkKFRYXGyIjVSRudWxs0wsMDQ4RFFpOUy5vYmplY3RzV05TLmtleXNWJGNsYXNzog8QgASABqISE4ACgAOAB1lhbGlhc0RhdGFccmVsYXRpdmVQYXRo0hgNGRpXTlMuZGF0YU8RAloAAAAAAloAAgAADE1hY2ludG9zaCBIRAAAAAAAAAAAAAAAAAAAAMfUNWFIKwAAAPVNTB9rLW1lYW5zKysgdGhlIGFkdmFudCNGNTREMTIucGRmAAAAAAAAAAAAAAAAAAAAAAAAAAAAAAAAAAAAAAAAAAAA9U0Sy0zJnQAAAAAAAAAAAAEABAAACSAAAAAAAAAAAAAAAAAAAAAVQXJ0aHVyLCBWYXNzaWx2aXRza2lpAAAQAAgAAMfUl9EAAAARAAgAAMtNOh0AAAABABgA9U1MAPVNSwDyIY0AEPW+ABD1sQAAkvMAAgBsTWFjaW50b3NoIEhEOlVzZXJzOnNjaG9wZjpEb2N1bWVudHM6ay1tZWFuczpMaXRlcmF0dXJlOkFydGh1ciwgVmFzc2lsdml0c2tpaTprLW1lYW5zKysgdGhlIGFkdmFudCNGNTREMTIucGRmAA4AYAAvAGsALQBtAGUAYQBuAHMAKwArACAAdABoAGUAIABhAGQAdgBhAG4AdABhAGcAZQBzACAAbwBmACAAYwBhAHIAZQBmAHUAbAAgAHMAZQBlAGQAaQBuAGcALgBwAGQAZgAPABoADABNAGEAYwBpAG4AdABvAHMAaAAgAEgARAASAG9Vc2Vycy9zY2hvcGYvRG9jdW1lbnRzL2stbWVhbnMvTGl0ZXJhdHVyZS9BcnRodXIsIFZhc3NpbHZpdHNraWkvay1tZWFucysrIHRoZSBhZHZhbnRhZ2VzIG9mIGNhcmVmdWwgc2VlZGluZy5wZGYAABMAAS8AABUAAgAN//8AAIAF0hwdHh9YJGNsYXNzZXNaJGNsYXNzbmFtZaMfICFdTlNNdXRhYmxlRGF0YVZOU0RhdGFYTlNPYmplY3RfEFBMaXRlcmF0dXJlL0FydGh1ciwgVmFzc2lsdml0c2tpaS9rLW1lYW5zKysgdGhlIGFkdmFudGFnZXMgb2YgY2FyZWZ1bCBzZWVkaW5nLnBkZtIcHSQloiUhXE5TRGljdGlvbmFyeRIAAYagXxAPTlNLZXllZEFyY2hpdmVyAAgAEQAWAB8AKAAyADUAOgA8AEUASwBSAF0AZQBsAG8AcQBzAHYAeAB6AHwAhgCTAJgAoAL+AwADBQMOAxkDHQMrAzIDOwOOA5MDlgOjA6gAAAAAAAACAQAAAAAAAAAoAAAAAAAAAAAAAAAAAAADug==}}

@proceedings{:SODA07,
	Booktitle = soda07,
	Date-Added = {2012-01-30 22:11:03 -0800},
	Date-Modified = {2012-01-30 22:11:27 -0800},
	Title = soda07,
	Year = {2007}}
