%% This BibTeX bibliography file was created using BibDesk.
%% http://bibdesk.sourceforge.net/


%% Created for Mark Wellons at 2012-09-12 19:17:16 -0500 


%% Saved with string encoding Unicode (UTF-8) 


@comment{$ biblatex control file $}
@comment{$ biblatex version 0.9 $}



@techreport{cox,
	Author = {John Fox},
	Date-Added = {2012-09-13 00:15:40 +0000},
	Date-Modified = {2012-09-13 00:17:16 +0000},
	Month = {February},
	Title = {Cox Proportional-Hazards Regression for Survival Data},
	Year = {2002}}
