%% This BibTeX bibliography file was created using BibDesk.
%% http://bibdesk.sourceforge.net/


%% Created for Mark Wellons at 2012-09-12 18:50:29 -0500 


%% Saved with string encoding Unicode (UTF-8) 



@article{robust_var,
	Author = {Achim Zeileis},
	Date-Added = {2012-09-12 23:44:10 +0000},
	Date-Modified = {2012-09-12 23:50:28 +0000},
	Journal = {Journal of Statistical Software},
	Number = {9},
	Title = {Object-oriented Computation of Sandwich Estimators},
	Volume = {16},
	Year = {2006}}

@article{Bertsekas2010,
	Author = {Dimitri P. Bertsekas},
	Doi = {10.1007/s10107-011-0472-0},
	Masid = {47638973},
	Pages = {1--33},
	Title = {{Incremental proximal methods for large scale convex optimization}},
	Bdsk-Url-1 = {http://dx.doi.org/10.1007/s10107-011-0472-0}}

@article{Minka2003,
	Author = {Thomas P. Minka},
	Masid = {10041099},
	Title = {{A comparison of numerical optimizers for logistic regression}}}

@book{Wright2006,
	Author = {Nocedal, Jorge and Wright, Stephen},
	Day = {27},
	Edition = {2nd},
	Howpublished = {Hardcover},
	Isbn = {0387303030},
	Keywords = {optimization},
	Month = jul,
	Posted-At = {2010-02-08 13:17:16},
	Priority = {2},
	Publisher = {Springer},
	Title = {{Numerical Optimization (Springer Series in Operations Research )}},
	Url = {http://www.worldcat.org/isbn/0387303030},
	Year = {2006},
	Bdsk-Url-1 = {http://www.worldcat.org/isbn/0387303030}}
